@misc{hjorth-jensen_2018, title={Building a model for the solar system using ordinary differential equations}, url={https://github.com/CompPhysics/ComputationalPhysics/blob/master/doc/Projects/2018/Project3/pdf/Project3.pdf}, author={Hjorth-Jensen, Morten}, year={2018}, month={Oct}} 

@misc{Rapport1, title={Gaussian Elimination and Algorithmic Optimisation}, url={https://github.uio.no/larswd/FYS3150/blob/master/project1/LaTeX/Final/project_1_larswd_gabric.pdf}, year={2018}, month={Sep}, author={Dreyer, Lars Willas and Cabrera, Gabriel Sigurd}} 

@misc{Langtangen, title={Finite difference methods for diffusion processes}, url={http://hplgit.github.io/INF5620/doc/notes/diffu-sphinx/main_diffu.html}, year={2012}, month={Dec}, author={Langtangen, Hans Petter}}

@book{rottmann, place={Oslo}, title={Matematisk formelsamling}, publisher={Bracan forl.}, author={Rottmann, Karl}, year={1995}} 